

@inproceedings{kaneko2003supervisory,
  title={Supervisory control of pouring process by tilting-type automatic pouring robot},
  author={Kaneko, Motoki and Sugimoto, Yu and Yano, K and Terashima, Kazuhiko},
  booktitle={Intelligent Robots and Systems, 2003.(IROS 2003). Proceedings. 2003 IEEE/RSJ International Conference on},
  volume={3},
  pages={3004--3009},
  year={2003},
  organization={IEEE}
}


@inproceedings{kunze2013acquiring,
  title={Acquiring task models for imitation learning through games with a purpose},
  author={Kunze, Lars and Haidu, Andrei and Beetz, Michael},
  booktitle={Intelligent Robots and Systems (IROS), 2013 IEEE/RSJ International Conference on},
  pages={102--107},
  year={2013},
  organization={IEEE}
}

@article{mottaghi2017see,
  title={See the Glass Half Full: Reasoning about Liquid Containers, their Volume and Content},
  author={Mottaghi, Roozbeh and Schenck, Connor and Fox, Dieter and Farhadi, Ali},
  journal={arXiv preprint arXiv:1701.02718},
  year={2017}
}


@article{noda2007falling,
  title={Falling position control of outflow liquid for automatic pouring system with tilting-type ladle},
  author={Noda, Yoshiyuki and Terashima, Kazuhiko},
  journal={IFAC Proceedings Volumes},
  volume={40},
  number={11},
  pages={53--58},
  year={2007},
  publisher={Elsevier}
}

@article{noda2005control,
  title={Control of self-transfer-type automatic pouring robot with cylindrical ladle},
  author={Noda, Yoshiyuki and Yano, Ken'ichi and Terashima, Kazuhiko},
  journal={IFAC Proceedings Volumes},
  volume={38},
  number={1},
  pages={295--300},
  year={2005},
  publisher={Elsevier}
}

@inproceedings{rozo2013force,
  title={Force-based robot learning of pouring skills using parametric hidden Markov models},
  author={Rozo, Leonel and Jim{\'e}nez, Pablo and Torras, Carme},
  booktitle={Robot Motion and Control (RoMoCo), 2013 9th Workshop on},
  pages={227--232},
  year={2013},
  organization={IEEE}
}


@article{sugimoto2002liquid,
  title={Liquid level control of automatic pouring robot by two-degrees-of-freedom control},
  author={Sugimoto, Yu and Yano, Ken'ichi and Terashima, Kazuhiko},
  journal={IFAC Proceedings Volumes},
  volume={35},
  number={1},
  pages={137--142},
  year={2002},
  publisher={Elsevier}
}

@article{tamosiunaite2011learning,
  title={Learning to pour with a robot arm combining goal and shape learning for dynamic movement primitives},
  author={Tamosiunaite, Minija and Nemec, Bojan and Ude, Ale{\v{s}} and W{\"o}rg{\"o}tter, Florentin},
  journal={Robotics and Autonomous Systems},
  volume={59},
  number={11},
  pages={910--922},
  year={2011},
  publisher={Elsevier}
}

@inproceedings{tsuji2014high,
  title={High-precision pouring control using online model parameters identification in automatic pouring robot with cylindrical ladle},
  author={Tsuji, Takaaki and Noda, Yoshiyuki},
  booktitle={Systems, Man and Cybernetics (SMC), 2014 IEEE International Conference on},
  pages={2563--2568},
  year={2014},
  organization={IEEE}
}


@inproceedings{yamaguchi2016stereo,
  title={Stereo vision of liquid and particle flow for robot pouring},
  author={Yamaguchi, Akihiko and Atkeson, Christopher G},
  booktitle={Humanoid Robots (Humanoids), 2016 IEEE-RAS 16th International Conference on},
  pages={1173--1180},
  year={2016},
  organization={IEEE}
}




@inproceedings{yano2001sloshing,
  title={Sloshing suppression control of automatic pouring robot by hybrid shape approach},
  author={Yano, K and Toda, T and Terashima, K},
  booktitle={Decision and Control, 2001. Proceedings of the 40th IEEE Conference on},
  volume={2},
  pages={1328--1333},
  year={2001},
  organization={IEEE}
}


@article{zefran1998generation,
  title={On the generation of smooth three-dimensional rigid body motions},
  author={Zefran, Milos and Kumar, Vijay and Croke, Christopher B},
  journal={IEEE Transactions on Robotics and Automation},
  volume={14},
  number={4},
  pages={576--589},
  year={1998},
  publisher={IEEE}
}



